<record><leader>00000cas a2200000Ma 4500</leader><controlfield tag="001">11105311</controlfield><controlfield tag="008">840830d18761879inuwr ne      0    0eng d</controlfield><datafield ind1=" " ind2=" " tag="010"><subfield code="a">sn 84023977 </subfield></datafield><datafield ind1=" " ind2=" " tag="040"><subfield code="a">AQM</subfield><subfield code="b">eng</subfield><subfield code="c">AQM</subfield><subfield code="d">OCLCQ</subfield><subfield code="d">IUL</subfield></datafield><datafield ind1="0" ind2="4" tag="245"><subfield code="a">The Kokomo weekly dispatch.</subfield></datafield><datafield ind1=" " ind2=" " tag="260"><subfield code="a">Kokomo, Howard County, Ind. :</subfield><subfield code="b">J.O. &amp; H.E. Henderson,</subfield><subfield code="c">1876-1879.</subfield></datafield><datafield ind1=" " ind2=" " tag="310"><subfield code="a">Weekly</subfield></datafield><datafield ind1="0" ind2=" " tag="362"><subfield code="a">Vol. 6, no. 37 (Jan. 27, 1876)-v. 10, no. 30 (Dec. 4, 1879).</subfield></datafield><datafield ind1=" " ind2="7" tag="655"><subfield code="a">Newspapers.</subfield><subfield code="2">rbgenr</subfield></datafield><datafield ind1=" " ind2=" " tag="752"><subfield code="a">United States</subfield><subfield code="b">Indiana</subfield><subfield code="c">Howard</subfield><subfield code="d">Kokomo.</subfield></datafield><datafield ind1="0" ind2="0" tag="780"><subfield code="t">Kokomo weekly Democrat</subfield><subfield code="w">(DLC)sn 87055665</subfield><subfield code="w">(OCoLC)15345281</subfield></datafield><datafield ind1="0" ind2="0" tag="785"><subfield code="t">Kokomo dispatch (Kokomo, Ind. : Weekly)</subfield><subfield code="w">(DLC)sn 87055666</subfield><subfield code="w">(OCoLC)15345243</subfield></datafield></record>